<?xml version="1.0" encoding="UTF-8"?><record xmlns="http://www.loc.gov/MARC21/slim" xmlns:cinclude="http://apache.org/cocoon/include/1.0" xmlns:zs="http://www.loc.gov/zing/srw/">
  <leader>00911cz  a2200193n  4500</leader>
  <controlfield tag="001">n  82030644 </controlfield>
  <controlfield tag="003">DLC</controlfield>
  <controlfield tag="005">20130312081319.0</controlfield>
  <controlfield tag="008">820309n| azannaab           |a ana      </controlfield>
  <datafield tag="010" ind1=" " ind2=" ">
    <subfield code="a">n  82030644 </subfield>
  </datafield>
  <datafield tag="035" ind1=" " ind2=" ">
    <subfield code="a">(OCoLC)oca00727763</subfield>
  </datafield>
  <datafield tag="040" ind1=" " ind2=" ">
    <subfield code="a">DLC</subfield>
    <subfield code="b">eng</subfield>
    <subfield code="e">rda</subfield>
    <subfield code="c">DLC</subfield>
    <subfield code="d">DLC-S</subfield>
    <subfield code="d">DLC</subfield>
  </datafield>
  <datafield tag="110" ind1="1" ind2=" ">
    <subfield code="a">Missouri.</subfield>
    <subfield code="b">Division of Aging</subfield>
  </datafield>
  <datafield tag="410" ind1="2" ind2=" ">
    <subfield code="a">DA</subfield>
  </datafield>
  <datafield tag="410" ind1="1" ind2=" ">
    <subfield code="a">Missouri.</subfield>
    <subfield code="b">Aging, Division of</subfield>
  </datafield>
  <datafield tag="410" ind1="1" ind2=" ">
    <subfield code="a">Missouri.</subfield>
    <subfield code="b">Department of Social Services.</subfield>
    <subfield code="b">Division of Aging</subfield>
  </datafield>
  <datafield tag="510" ind1="1" ind2=" ">
    <subfield code="w">r</subfield>
    <subfield code="i">Hierarchical superior:</subfield>
    <subfield code="a">Missouri.</subfield>
    <subfield code="b">Department of Social Services</subfield>
  </datafield>
  <datafield tag="670" ind1=" " ind2=" ">
    <subfield code="a">Missouri. Dept. of Social Services. Missouri Nursing Home Licens. Law rules &amp; reg. for adult boarding &amp; res. care facil., 1980 (a.e.)</subfield>
    <subfield code="b">t.p. (State of Missouri, Department of Social Services, Missouri Division of Aging)</subfield>
  </datafield>
  <datafield tag="670" ind1=" " ind2=" ">
    <subfield code="a">Elder abuse, neglect, and exploitation, fiscal year, 1996:</subfield>
    <subfield code="b">t.p. (Missouri Department of Social Services, Division of Aging; DA)</subfield>
  </datafield>
</record>